<?xml version="1.0" encoding="UTF-8"?>
  <record xmlns="http://www.loc.gov/MARC21/slim" type="Authority">
    <leader>00000nz  a2200000oc 4500</leader>
    <controlfield tag="001">130263990</controlfield>
    <controlfield tag="003">DE-101</controlfield>
    <controlfield tag="005">20100212102852.0</controlfield>
    <controlfield tag="008">050811n||aznnnaabn           | aaa    |c</controlfield>
    <datafield tag="024" ind1="7" ind2=" ">
      <subfield code="a">130263990</subfield>
      <subfield code="0">http://d-nb.info/gnd/130263990</subfield>
      <subfield code="2">gnd</subfield>
    </datafield>
    <datafield tag="035" ind1=" " ind2=" ">
      <subfield code="a">(DE-101)130263990</subfield>
    </datafield>
    <datafield tag="035" ind1=" " ind2=" ">
      <subfield code="a">(DE-588)130263990</subfield>
    </datafield>
    <datafield tag="035" ind1=" " ind2=" ">
      <subfield code="z">(DE-588a)130263990</subfield>
      <subfield code="9">v:zg</subfield>
    </datafield>
    <datafield tag="040" ind1=" " ind2=" ">
      <subfield code="a">DE-547</subfield>
      <subfield code="c">DE-547</subfield>
      <subfield code="9">r:DE-601</subfield>
      <subfield code="b">ger</subfield>
      <subfield code="d">8999</subfield>
    </datafield>
    <datafield tag="042" ind1=" " ind2=" ">
      <subfield code="a">gnd3</subfield>
    </datafield>
    <datafield tag="043" ind1=" " ind2=" ">
      <subfield code="c">XA-DE</subfield>
      <subfield code="c">XA-AL</subfield>
    </datafield>
    <datafield tag="075" ind1=" " ind2=" ">
      <subfield code="b">p</subfield>
      <subfield code="2">gndgen</subfield>
    </datafield>
    <datafield tag="075" ind1=" " ind2=" ">
      <subfield code="b">piz</subfield>
      <subfield code="2">gndspec</subfield>
    </datafield>
    <datafield tag="079" ind1=" " ind2=" ">
      <subfield code="a">g</subfield>
      <subfield code="q">a</subfield>
      <subfield code="q">f</subfield>
    </datafield>
    <datafield tag="100" ind1="1" ind2=" ">
      <subfield code="a">Walpott, Johann Jacob &#152;von&#156;</subfield>
      <subfield code="d">-1697</subfield>
    </datafield>
    <datafield tag="400" ind1="1" ind2=" ">
      <subfield code="a">Walpott, Johann Jakob &#152;von&#156;</subfield>
      <subfield code="d">-1697</subfield>
    </datafield>
    <datafield tag="400" ind1="1" ind2=" ">
      <subfield code="a">Walbott a Bassenheim et Bornheim, Joannes Jacobus</subfield>
      <subfield code="d">-1697</subfield>
    </datafield>
    <datafield tag="400" ind1="1" ind2=" ">
      <subfield code="a">Walbott a Bassenheim et Bornheim, Johannes Jacobus</subfield>
      <subfield code="d">-1697</subfield>
    </datafield>
    <datafield tag="400" ind1="1" ind2=" ">
      <subfield code="a">Bassenheim et Bornheim, Johannes Jacobus Walbott &#152;a&#156;</subfield>
      <subfield code="d">-1697</subfield>
    </datafield>
    <datafield tag="400" ind1="1" ind2=" ">
      <subfield code="a">Bornheim, Johannes Jacobus Walbott a Bassenheim &#152;et&#156;</subfield>
      <subfield code="d">-1697</subfield>
    </datafield>
    <datafield tag="400" ind1="1" ind2=" ">
      <subfield code="a">Walpott von Bassenheim und Bornheim, Johann Jacob &#152;von&#156;</subfield>
      <subfield code="d">-1697</subfield>
    </datafield>
    <datafield tag="400" ind1="1" ind2=" ">
      <subfield code="a">Bassenheim und Bornheim, Johann Jacob von Bassenheim &#152;und&#156;</subfield>
      <subfield code="d">-1697</subfield>
    </datafield>
    <datafield tag="400" ind1="1" ind2=" ">
      <subfield code="a">Bornheim, Johann Jacob von Bassenheim und Bassenheim &#152;und&#156;</subfield>
      <subfield code="d">-1697</subfield>
    </datafield>
    <datafield tag="400" ind1="1" ind2=" ">
      <subfield code="a">Walbott, Johann Jacob &#152;von&#156;</subfield>
      <subfield code="d">-1697</subfield>
    </datafield>
    <datafield tag="400" ind1="1" ind2=" ">
      <subfield code="a">Walbott, Johann Jakob &#152;von&#156;</subfield>
      <subfield code="d">-1697</subfield>
    </datafield>
    <datafield tag="400" ind1="1" ind2=" ">
      <subfield code="a">Walpoth, Jacob</subfield>
      <subfield code="d">-1697</subfield>
    </datafield>
    <datafield tag="400" ind1="1" ind2=" ">
      <subfield code="a">Walpoth von Baßenheim, Jacob</subfield>
      <subfield code="d">-1697</subfield>
    </datafield>
    <datafield tag="548" ind1=" " ind2=" ">
      <subfield code="a">-1697</subfield>
      <subfield code="4">datl</subfield>
      <subfield code="4">https://d-nb.info/standards/elementset/gnd#dateOfDeath</subfield>
      <subfield code="w">r</subfield>
      <subfield code="i">Lebensdaten</subfield>
    </datafield>
    <datafield tag="667" ind1=" " ind2=" ">
      <subfield code="a">VD-17</subfield>
    </datafield>
    <datafield tag="670" ind1=" " ind2=" ">
      <subfield code="a">DBA I,1326,353-355, Zedler</subfield>
    </datafield>
    <datafield tag="672" ind1=" " ind2="0">
      <subfield code="a">Adventus Musis Sacer Sive Festivitas Renovata quam in Adventu ... D. Joannis Jacobi Walbott A Bassenheim &amp; Bornheim, Dni In Olbrüch, Ecclesiarum, Metropolitanae ... Moguntiae Canonici Capitularis ... celebrarunt Musae Collegii Soc. Jesu Erphordiae. - 1679</subfield>
    </datafield>
    <datafield tag="678" ind1=" " ind2=" ">
      <subfield code="b">Kanoniker zu St. Alban und St. Victor zu Mainz; ab 1679 kurmainzischer Statthalter zu Erfurt</subfield>
    </datafield>
    <datafield tag="913" ind1=" " ind2=" ">
      <subfield code="S">pnd</subfield>
      <subfield code="i">a</subfield>
      <subfield code="a">Walpott, Johann Jacob /von</subfield>
      <subfield code="0">(DE-588a)130263990</subfield>
    </datafield>
  </record>
